<record xmlns="http://www.loc.gov/MARC21/slim">
   <leader>02033cam a2200349oi 45 0</leader>
   <controlfield tag="001">6849660</controlfield>
   <controlfield tag="003">OCoLC</controlfield>
   <controlfield tag="005">20150309120449.0</controlfield>
   <controlfield tag="008">140606s2015    nyu    e      000 f eng d</controlfield>
   <datafield ind1=" " ind2=" " tag="020">
      <subfield code="a">9780062222435</subfield>
      <subfield code="q">(paperback)</subfield>
   </datafield>
   <datafield ind1=" " ind2=" " tag="020">
      <subfield code="a">0062222430</subfield>
      <subfield code="q">(paperback)</subfield>
   </datafield>
   <datafield ind1=" " ind2=" " tag="035">
      <subfield code="a">ocn881206853</subfield>
   </datafield>
   <datafield ind1=" " ind2=" " tag="040">
      <subfield code="a">BTCTA</subfield>
      <subfield code="b">eng</subfield>
      <subfield code="e">rda</subfield>
      <subfield code="c">BTCTA</subfield>
      <subfield code="d">BDX</subfield>
      <subfield code="e">rda</subfield>
      <subfield code="d">ON8</subfield>
      <subfield code="d">IG$</subfield>
      <subfield code="d">AEVC</subfield>
   </datafield>
   <datafield ind1="0" ind2="4" tag="082">
      <subfield code="a">813/.54</subfield>
      <subfield code="2">23</subfield>
   </datafield>
   <datafield ind1=" " ind2=" " tag="090">
      <subfield code="a">Mystery STA</subfield>
      <subfield code="b">AEVC</subfield>
   </datafield>
   <datafield ind1="1" ind2=" " tag="100">
      <subfield code="a">Staub, Wendy Corsi,</subfield>
      <subfield code="e">author.</subfield>
   </datafield>
   <datafield ind1="1" ind2="4" tag="245">
      <subfield code="a">The black widow /</subfield>
      <subfield code="c">Wendy Corsi Staub.</subfield>
   </datafield>
   <datafield ind1=" " ind2="1" tag="264">
      <subfield code="a">New York, New York :</subfield>
      <subfield code="b">Harper, an imprint of HarperCollinsPublishers,</subfield>
      <subfield code="c">[2015]</subfield>
   </datafield>
   <datafield ind1=" " ind2="4" tag="264">
      <subfield code="c">©2015.</subfield>
   </datafield>
   <datafield ind1=" " ind2=" " tag="300">
      <subfield code="a">384 pages ;</subfield>
      <subfield code="c">18 cm</subfield>
   </datafield>
   <datafield ind1=" " ind2=" " tag="336">
      <subfield code="a">text</subfield>
      <subfield code="b">txt</subfield>
      <subfield code="2">rdacontent</subfield>
   </datafield>
   <datafield ind1=" " ind2=" " tag="337">
      <subfield code="a">unmediated</subfield>
      <subfield code="b">n</subfield>
      <subfield code="2">rdamedia</subfield>
   </datafield>
   <datafield ind1=" " ind2=" " tag="338">
      <subfield code="a">volume</subfield>
      <subfield code="b">nc</subfield>
      <subfield code="2">rdacarrier</subfield>
   </datafield>
   <datafield ind1=" " ind2=" " tag="500">
      <subfield code="a">Includes an excerpt from "Mundy's Landing."</subfield>
   </datafield>
   <datafield ind1=" " ind2=" " tag="520">
      <subfield code="a">"In the moonlight, a shovelfuls of earth fall on a wooden crate at the bottom of a deep pit.  Soon the hole will be filled and covered over with leaves, erasing all trace of the victim below, waking to the horror of being buried alive... Newly divorced Gaby Duran isn't really expecting to find her soul mate on a dating site like InTune.  She just needs a distraction from pining over her ex-husband, Ben, and the happy marriage they once had.  And she's wise enough to know that online the truth doesn't always match the profile.  Almost everyone lies a little--or a lot.  But Gaby quickly discovers there is more at stake than her lonely heart.  Local singles are going missing after making online connections.  And a predator is searching again for the perfect match.  One who will fulfill every twisted desire...or die trying,"--page [4] of cover.</subfield>
   </datafield>
   <datafield ind1=" " ind2=" " tag="596">
      <subfield code="a">3</subfield>
   </datafield>
   <datafield ind1=" " ind2="0" tag="650">
      <subfield code="a">Online dating</subfield>
      <subfield code="v">Fiction.</subfield>
   </datafield>
   <datafield ind1=" " ind2="0" tag="650">
      <subfield code="a">Truthfulness and falsehood</subfield>
      <subfield code="v">Fiction.</subfield>
   </datafield>
   <datafield ind1=" " ind2="0" tag="650">
      <subfield code="a">Murder</subfield>
      <subfield code="v">Fiction.</subfield>
   </datafield>
   <datafield ind1=" " ind2="0" tag="650">
      <subfield code="a">Single people</subfield>
      <subfield code="v">Fiction.</subfield>
   </datafield>
   <datafield ind1=" " ind2="0" tag="655">
      <subfield code="a">Suspense fiction.</subfield>
   </datafield>
   <datafield ind1=" " ind2=" " tag="926">
      <subfield code="a">Mystery STA</subfield>
      <subfield code="w">ASIS</subfield>
      <subfield code="c">1</subfield>
      <subfield code="i">33862001359201</subfield>
      <subfield code="d">6/5/2015</subfield>
      <subfield code="e">6/3/2015</subfield>
      <subfield code="l">PAPERBACKS</subfield>
      <subfield code="m">NORQ_MAIN</subfield>
      <subfield code="n">1</subfield>
      <subfield code="p">$7.49</subfield>
      <subfield code="r">Y</subfield>
      <subfield code="s">Y</subfield>
      <subfield code="t">PAPERBACK</subfield>
      <subfield code="u">5/5/2015</subfield>
   </datafield>
</record>
